@gd{bildpkt,
	word = {bildpunkt},
	definition = {\notes{definition?}, eng. \emph{pixel}}
}