%% This BibTeX bibliography file was created using BibDesk.
%% http://bibdesk.sourceforge.net/


%% Created for Simon Sigurdhsson at 2011-02-16 13:52:48 +0100 


%% Saved with string encoding Unicode (UTF-8) 



@article{Kakumanu07,
	Author = {Kakumanu,P. and Makrogiannis,S. and Bourbakis,N.},
	Date-Added = {2011-02-16 13:49:48 +0100},
	Date-Modified = {2011-02-16 13:50:00 +0100},
	Journal = {Pattern Recognition},
	Note = {Cited By (since 1996): 96},
	Number = {3},
	Pages = {1106-1122},
	Title = {A survey of skin-color modeling and detection methods},
	Url = {www.scopus.com},
	Volume = {40},
	Year = {2007}}

@inproceedings{Shang10,
	Author = {Shang,K. and Zhou,P. and Li,G.},
	Date-Added = {2011-02-16 13:49:00 +0100},
	Date-Modified = {2011-02-16 13:49:13 +0100},
	Pages = {612-615},
	Title = {Study on skin color image segmentation used by fuzzy-c-means arithmetic},
	Url = {www.scopus.com},
	Volume = {2},
	Year = {2010}}

@inproceedings{Albiol01,
	Author = {Albiol,A. and Torres,L. and Delp,E. J.},
	Date-Added = {2011-02-16 13:44:46 +0100},
	Date-Modified = {2011-02-16 13:44:55 +0100},
	Note = {Cited By (since 1996): 45},
	Pages = {122-124},
	Title = {Optimum color spaces for skin detection},
	Url = {www.scopus.com},
	Volume = {1},
	Year = {2001}}

@book{Taylor06,
	Address = {Berlin, Heidelberg},
	Author = {Taylor, Geoffrey. and Kleeman, Lindsay.},
	Date-Added = {2011-02-15 14:51:04 +0100},
	Date-Modified = {2011-02-15 14:51:10 +0100},
	Isbn = {978-3-540-33455-2},
	Keywords = {Robotar Robotteknik},
	Publisher = {Springer-Verlag Berlin Heidelberg},
	Title = {Visual Perception and Robotic Manipulation [electronic resource] : 3D Object Recognition, Tracking and Hand-Eye Coordination},
	Year = {2006}}

@article{Horn81,
	Author = {Horn,B. K. P. and Schunck,B. G.},
	Date-Added = {2011-02-15 14:34:42 +0100},
	Date-Modified = {2011-02-15 14:34:53 +0100},
	Journal = {Artificial Intelligence},
	Note = {Cited By (since 1996): 1998},
	Number = {1-3},
	Pages = {185-203},
	Title = {Determining optical flow},
	Url = {www.scopus.com},
	Volume = {17},
	Year = {1981},
	Bdsk-Url-1 = {www.scopus.com}}

@article{Cui99,
	Author = {Cui,Y. and Weng,J.},
	Date-Added = {2011-02-15 14:24:52 +0100},
	Date-Modified = {2011-02-15 14:25:19 +0100},
	Journal = {IEEE Transactions on Pattern Analysis and Machine Intelligence},
	Note = {Cited By (since 1996): 15},
	Number = {8},
	Pages = {798-804},
	Title = {A learning-based prediction-and-verification segmentation scheme for hand sign image sequence},
	Url = {www.scopus.com},
	Volume = {21},
	Year = {1999},
	Bdsk-Url-1 = {www.scopus.com}}

@book{Zabulis09,
	Address = {Boca Raton},
	Annote = {Chapter 34
X.Zabulis, H. Baltzakis, A. A. Argyros
"Vision-based Hand Gesture Recognition for Human Computer Interaction"
pp 34.1 - 34.30},
	Author = {Stephanidis, Constantine.},
	Date-Added = {2011-02-15 14:14:03 +0100},
	Date-Modified = {2011-02-15 14:17:58 +0100},
	Isbn = {978-0-8058-6280-5},
	Keywords = {referenser, M{\"a}nniska-dator-interaktion -- handb{\"o}cker, manualer etc. Anv{\"a}ndargr{\"a}nssnitt -- handb{\"o}cker, manualer, etc.},
	Publisher = {CRC Press},
	Title = {The universal access handbook},
	Year = {2009}}

@article{Nielsen04,
	Author = {S{\'a}nchez-Nielsen,E. and Ant{\'o}n-Canal{\'\i}s,L. and Hern{\'a}ndez-Tejera,M.},
	Date-Added = {2011-02-15 14:07:03 +0100},
	Date-Modified = {2011-02-15 14:43:16 +0100},
	Journal = {Journal of WSCG},
	Note = {Cited By (since 1996): 5},
	Number = {1-3},
	Title = {Hand Gesture Recognition for Human-Machine Interaction},
	Url = {www.scopus.com},
	Volume = {12},
	Year = {2004},
	Bdsk-Url-1 = {www.scopus.com}}

@article{Garg09,
	Author = {Garg,P. and Aggarwal,N. and Sofat,S.},
	Date-Added = {2011-02-15 11:47:03 +0100},
	Date-Modified = {2011-02-15 11:47:09 +0100},
	Journal = {Proceedings of World Academy of Science, Engineering and Technology},
	Note = {Cited By (since 1996): 1},
	Pages = {1024-1029},
	Title = {Vision based hand gesture recognition},
	Url = {www.scopus.com},
	Volume = {37},
	Year = {2009},
	Bdsk-Url-1 = {www.scopus.com}}

@article{Pavlovic97,
	Author = {Pavlovic,V. I. and Sharma,R. and Huang,T. S.},
	Date-Added = {2011-02-15 11:02:44 +0100},
	Date-Modified = {2011-02-15 11:03:06 +0100},
	Journal = {IEEE Transactions on Pattern Analysis and Machine Intelligence},
	Note = {Cited By (since 1996): 448},
	Number = {7},
	Pages = {677-695},
	Title = {Visual interpretation of hand gestures for human-computer interaction: A review},
	Url = {www.scopus.com},
	Volume = {19},
	Year = {1997},
	Bdsk-Url-1 = {www.scopus.com}}

@inproceedings{Lockton02,
	Author = {R. Lockton and A.~W. Fitzgibbon},
	Booktitle = {Proceedings, British Machine Vision Conference},
	Date-Added = {2011-02-15 10:39:47 +0100},
	Date-Modified = {2011-02-15 10:49:55 +0100},
	Keywords = {microsoft, boosting},
	Title = {Real-time gesture recognition using deterministic boosting},
	Year = 2002}

@book{Shapiro00,
	Address = {Upper Saddle River},
	Author = {Shapiro, Linda G. and Stockman, George C.},
	Date-Added = {2011-02-11 17:12:35 +0100},
	Date-Modified = {2011-02-11 17:12:45 +0100},
	Isbn = {0-13-030796-3},
	Keywords = {Bildbehandling},
	Publisher = {Prentice Hall},
	Title = {Computer vision},
	Year = {2000}}

@book{Davies05,
	Address = {Amsterdam},
	Author = {Davies, E. Roy},
	Date-Added = {2011-02-11 13:30:36 +0100},
	Date-Modified = {2011-02-11 18:52:23 +0100},
	Edition = {3. ed.},
	Isbn = {0-12-206093-8},
	Keywords = {Datoralgoritmer Bildbehandling},
	Publisher = {Morgan Kaufmann},
	Title = {Machine vision : theory, algorithms, practicalities},
	Year = {2005}}

@book{Sonka08,
	Address = {Toronto},
	Author = {Sonka, Milan and Hlavac, Vaclav and Boyle, Roger},
	Date-Modified = {2011-02-11 18:52:17 +0100},
	Edition = {3. ed.},
	Isbn = {0-495-08252-X},
	Keywords = {Bildanalys (datorbehandling) Bildbehandling},
	Publisher = {Thompson Learning},
	Title = {Image processing, analysis, and machine vision},
	Year = {2008}}
